<record><leader>00000cas a22000007a 4500</leader><controlfield tag="001">14369493</controlfield><controlfield tag="008">861009u1913uuuutxuwr ne      0    0eng d</controlfield><datafield ind1=" " ind2=" " tag="010"><subfield code="a">sn 86089463 </subfield></datafield><datafield ind1=" " ind2=" " tag="040"><subfield code="a">PPM</subfield><subfield code="b">eng</subfield><subfield code="c">PPM</subfield><subfield code="d">OCLCQ</subfield></datafield><datafield ind1=" " ind2=" " tag="042"><subfield code="a">msc</subfield></datafield><datafield ind1="0" ind2="4" tag="245"><subfield code="a">The Knox County journal.</subfield></datafield><datafield ind1=" " ind2=" " tag="260"><subfield code="a">Knox City, Tex. :</subfield><subfield code="b">J.H. Hollingsworth,</subfield><subfield code="c">1913-</subfield></datafield><datafield ind1=" " ind2=" " tag="300"><subfield code="a">v.</subfield></datafield><datafield ind1=" " ind2=" " tag="310"><subfield code="a">Weekly</subfield></datafield><datafield ind1="0" ind2=" " tag="362"><subfield code="a">Vol. 12, no. 2 (Aug. 8, 1913)-</subfield></datafield><datafield ind1=" " ind2=" " tag="515"><subfield code="a">Continues numbering of: The Southwestern journal and Knox County news.</subfield></datafield><datafield ind1=" " ind2=" " tag="515"><subfield code="a">Numbering changes to: Vol. 1, no. 1 (Aug. 15, 1913).</subfield></datafield><datafield ind1=" " ind2=" " tag="752"><subfield code="a">United States</subfield><subfield code="b">Texas</subfield><subfield code="c">Knox</subfield><subfield code="d">Knox City.</subfield></datafield><datafield ind1="0" ind2="0" tag="780"><subfield code="t">Southwestern journal and Knox County news</subfield></datafield><datafield ind1="1" ind2=" " tag="029"><subfield code="a">AU@</subfield><subfield code="b">000025840408</subfield></datafield></record>